<record><leader>00000cas a22000007a 4500</leader><controlfield tag="001">27981736</controlfield><controlfield tag="008">930426d19822012scuwr ne      0    0eng d</controlfield><datafield ind1=" " ind2=" " tag="010"><subfield code="a">sn 93067725 </subfield></datafield><datafield ind1=" " ind2=" " tag="040"><subfield code="a">SVN</subfield><subfield code="b">eng</subfield><subfield code="c">SVN</subfield><subfield code="d">OCLCQ</subfield><subfield code="d">DLC</subfield><subfield code="d">OCLCF</subfield></datafield><datafield ind1="1" ind2=" " tag="029"><subfield code="a">AU@</subfield><subfield code="b">000020746756</subfield></datafield><datafield ind1=" " ind2=" " tag="042"><subfield code="a">msc</subfield></datafield><datafield ind1=" " ind2=" " tag="043"><subfield code="a">n-us-sc</subfield></datafield><datafield ind1="0" ind2=" " tag="130"><subfield code="a">Citizen-news (Johnston, S.C.)</subfield></datafield><datafield ind1="1" ind2="4" tag="245"><subfield code="a">The citizen-news.</subfield></datafield><datafield ind1=" " ind2=" " tag="260"><subfield code="a">Johnston, S.C. :</subfield><subfield code="b">Edgefield County Communications</subfield></datafield><datafield ind1=" " ind2=" " tag="300"><subfield code="a">v.</subfield></datafield><datafield ind1=" " ind2=" " tag="310"><subfield code="a">Weekly</subfield></datafield><datafield ind1="0" ind2=" " tag="362"><subfield code="a">Vol. 36, no. 1 (May 6, 1982) -</subfield></datafield><datafield ind1="1" ind2=" " tag="362"><subfield code="a">Ceased with Apr. 18, 2012.</subfield></datafield><datafield ind1=" " ind2=" " tag="588"><subfield code="a">Latest issue consulted: Vol. 31, no. 16 (Apr. 18, 2012).</subfield></datafield><datafield ind1=" " ind2="0" tag="651"><subfield code="a">Edgefield County (S.C.)</subfield><subfield code="v">Newspapers.</subfield></datafield><datafield ind1=" " ind2="7" tag="655"><subfield code="a">Newspapers.</subfield><subfield code="2">fast</subfield><subfield code="0">(OCoLC)fst01423814</subfield></datafield><datafield ind1=" " ind2="7" tag="651"><subfield code="a">South Carolina</subfield><subfield code="z">Edgefield County.</subfield><subfield code="2">fast</subfield><subfield code="0">(OCoLC)fst01215692</subfield></datafield><datafield ind1=" " ind2=" " tag="752"><subfield code="a">United States</subfield><subfield code="b">South Carolina</subfield><subfield code="c">Edgefield</subfield><subfield code="d">Johnston.</subfield></datafield><datafield ind1="0" ind2="4" tag="780"><subfield code="t">Edgefield County news</subfield><subfield code="w">(DLC)sn 92065742</subfield><subfield code="w">(OCoLC)27212395</subfield></datafield><datafield ind1="0" ind2="4" tag="780"><subfield code="t">Ridge citizen (Johnston, S.C.)</subfield><subfield code="w">(DLC)sn 93067708</subfield><subfield code="w">(OCoLC)27981692</subfield></datafield><datafield ind1="0" ind2="5" tag="780"><subfield code="t">Edgefield county press</subfield><subfield code="w">(DLC)sn 92065746</subfield><subfield code="w">(OCoLC)27212404</subfield></datafield></record>